@article{ref:DBLP:journals/corr/ZhouGW17a,
  author    = {Hong{-}Yu Zhou and
               Bin{-}Bin Gao and
               Jianxin Wu},
  title     = {Adaptive Feeding: Achieving Fast and Accurate Detections by Adaptively
               Combining Object Detectors},
  journal   = {CoRR},
  volume    = {abs/1707.06399},
  year      = {2017},
  url       = {http://arxiv.org/abs/1707.06399},
  eprinttype = {arXiv},
  eprint    = {1707.06399},
  timestamp = {Mon, 19 Sep 2022 15:19:36 +0200},
  biburl    = {https://dblp.org/rec/journals/corr/ZhouGW17a.bib},
  bibsource = {dblp computer science bibliography, https://dblp.org}
}

@misc{ref:フィーダー,
author = {{浜谷徹}},
title = {{フィーダ、難供給自動化事例}},
howpublished = {\url{http://jidoka.net/serv/jidoka-qa/QA0206.pdf}},
month = {},
year = {},
note = {(Accessed on 11/14/2022)}
}